
Alpatov, V.M. 1980, “Sistema ličnych mestoimenij 1-go i 2-go lica v sovremennom japonskom jazyke.” Vardul' (ed.) 1980:3-26.

Anderson, Stephen R. 1977, “On mechanisms by which languages become ergative”. Li (ed.) 1977:317-363.

André, Jacques 1978, \textit{Les mots a redoublement en latin.} Paris: Klincksieck.

Arens, Hans 1969\textsuperscript{II}, \textit{Sprachwissenschaft. Der Gang ihrer Entwicklung von der Antike bis zur Gegenwart.} Freiburg \& München: K. Alber.

@article{Ashby1981,
	author={Ashby, William J.},
	year={1981}
	title={The loss of the negative particle \textit{ne} in French: a syntactic change in progress},
	journal={Language},
	volume={57},
	number={},
	pages={674-687}
}

Austerlitz, Robert 1980, “Typology and universals on a Eurasian east-west continuum”. Brettschneider \& Lehmann (eds.) 1980:235-244.

@article{Bazell1949,
	author={Bazell, Charles E.},
	year={1949}
	title={Syntactic relations and linguistic typology},
	journal={Cahiers Ferdinand de Saussure},
	volume={8},
	number={},
	pages={5-20}
}

Benveniste, Emile 1968, “Mutations of linguistic categories.” Lehmann, W.P. \& Malkiel, Y. (eds.), \textit{Directions for historical linguistics. A symposium}. Austin \& London: University of Texas Press; 83-94.

Bloch, Jules 1954, \textit{The grammatical structure of Dravidian languages.} Poona: Deccan College (Deccan College Hand-Book Series, 3).

Bloomfield, Leonard 1933, \textit{Language.} New York etc.: Holt, Rinehart \& Winston.

  Bolinger, Dwight L. 1978, “Intonation across languages.” Greenberg (ed.) 1978, 1:471-524.

Bopp, Franz 1816, \textit{Über das Conjugationssystem der Sanskritsprache in Vergleichung mit jenem der griechischen, lateinischen, persischen und germanischen Sprache.} Frankfurt (M.): Andreäsche Buchhandlung. Reprint 1975 (Documenta semiotica - Serie 1).

Bopp, Franz 1833-52, \textit{Vergleichende Grammatik des Sanskrit, Zend, Griechischen, Lateinischen, Litauischen, Altslawischen, Gothischen und Deutschen.} Berlin.

@article{Bossong1979,
	author={Bossong, Georg},
	year={1979}
	title={Typologie der Hypotaxe},
	journal={Folia Linguistica},
	volume={13},
	number={},
	pages={33-54}
}

@article{Brettschneider1978,
	author={Brettschneider, Gunter},
	year={1978}
	title={Baskisch},
	journal={Studium Linguistik},
	volume={5},
	number={},
	pages={67-75}
}

Brettschneider, Gunter 1980, “Zur Typologie komplexer Sätze.” Brettschneider \& Lehmann (eds.) 1980:192-198.

Brettschneider, Gunter \& Lehmann, Christian (eds.) 1980, \textit{Wege zur Universalienforschung. Sprachwissenschaftliche Beiträge zum 60. Geburtstag von Hansjakob Seiler.} Tübingen: G. Narr.

Bybee, Joan L. [1981], What's a possible inflectional category. SUNY at Buffalo: unpubl. ms.

Capell, Arthur 1971, \textit{Arosi grammar.} Canberra: Australian National University.

Clark, Marybeth 1979, “Coverbs: evidence for the derivation of prepositions from verbs — New Evidence from Hmong.” \textit{Working Papers in Linguistic} (University of Hawaii) 11(2):1-12.

Cole, Desmond T. 1955, \textit{An introduction to Tswana grammar.} London etc.: Longmans, Green \& Co.

Cole, Peter 1982, \textit{Imbabura Quechua.} Amsterdam: North-Holland (LDS, 5).

Comrie, Bernard 1981, \textit{The languages of the Soviet Union.} Cambridge: Cambridge University (Cambridge Language Surveys).

Comrie, Bernard 1981, \textit{Language universals and linguistic typology. Syntax and morphology.} Oxford: B. Blackwell.

Condillac, Étienne Bonnot de 1746, \textit{Essai sur l'origine des connaissances humaines.} Paris.

Coseriu, Eugenio 1974, \textit{Synchronie, Diachronie und Geschichte. Das Problem des Sprachwandels.} Übersetzt von Helga Sohre. München: W. Fink.

Coseriu, Eugenio 1979, “Verbinhalt, Aktanten, Diathese. Zur japanischen Ukemi-Bildung.” Ezawa, K. \& Rensch, K.H. (eds.), \textit{Sprache und Sprachen. Festschrift für Eberhard Zwirner zum 80. Geburtstag.} Tübingen: M. Niemeyer; 35-55.

@article{Coulmas1980,
	author={Coulmas, Florian},
	year={1980}
	title={Zur Personaldeixis im Japanischen},
	journal={Papiere zur Linguistik},
	volume={23},
	number={2},
	pages={3-19}
}

Davies, John 1981, \textit{Kobon.} Amsterdam: North-Holland (LDS, 3).

Delbrück, Berthold 1888, \textit{Altindische Syntax.} Halle: M. Niemeyer (Syntaktische Forschungen, V). Reprint: Tübingen: M. Niemeyer, 1976; Darmstadt: Wissenschaftliche Buchgesellschaft.

Dillon, George L. 1977, \textit{Introduction to contemporary linguistic semantics.} Englewood Cliffs, NJ: Prentice-Hall (Prentice-Hall Foundations of Modern Linguistics Series).

Dixon, Robert M.W. 1972, \textit{The Dyirbal language of North Queensland.} Cambridge \& London: Cambridge University Press (Cambridge Studies in Linguistics, 9).

@article{Dixon1979,
	author={Dixon, Robert M.W.},
	year={1979}
	title={Ergativity},
	journal={Language},
	volume={55},
	number={},
	pages={59-138}
}

Edmondson, Jerrold A. 1978, “Ergative languages, accessibility hierarchies governing reflexives and questions of formal analysis”. Abraham, W. (ed.), \textit{Valence, semantic case, and grammatical relations.} Amsterdam: J. Benjamins; 633-660.

Falkenstein, A. 1959, \textit{Das Sumerische.} Leiden: Brill (Handbuch der Orientalistik, 1. Abteilung, 2. Band, 1. Abschnitt, Lfg. 1).

Faltz, Leonard M. 1977, \textit{Reflexivization. A study in universal syntax.} Berkeley: University of California. PhD Diss. (University Microfilms 77-31, 345).

@article{Foley1980,
	author={Foley, William A.},
	year={1980}
	title={Toward a universal typology of the noun phrase},
	journal={Studies in Language},
	volume={4},
	number={},
	pages={171-199}
}

Frei, Henri 1929, \textit{La grammaire des fautes. Introduction à la linguistique fonctionnelle.} Paris: Geuthner, Genève: Kundig, Leipzig: O. Harrassowitz. Reprint: Genève: Slatkine Reprints, 1971.

Gabelentz, Georg von der 1891, \textit{Die Sprachwissenschaft. Ihre Aufgaben, Methoden und bisherigen Ergebnisse.} Leipzig: Weigel Nachf. 2. überarbeitete Aufl.: Leipzig: Tauchnitz, 1901.

Gary, Judith Olmstedt \& Gamal-Eldin, Saad 1982, \textit{Cairene Egyptian colloquial Arabic.} Amsterdam: North-Holland.

@article{Givón1971,
	author={Givón, Talmy},
	year={1971}
	title={Historical syntax and synchronic morphology: An archaeologist's field trip},
	journal={Chicago Linguistic Society},
	volume={7},
	number={},
	pages={394-415}
}

@article{Givón1973,
	author={Givón, Talmy},
	year={1973}
	title={The time-axis phenomenon},
	journal={Language},
	volume={49},
	number={},
	pages={890-925}
}

Givón, Talmy 1975, “Serial verbs and syntactic change: Niger-Congo.” Li (ed.) 1975:47-112.

Givón, Talmy 1978, “Definiteness and referentiality.” Greenberg (ed.) 1978, 4:291-330.

Givón, Talmy 1979, “From discourse to syntax: grammar as a processing strategy.” Givón, T. (ed.), \textit{Syntax and semantics.} Vol. 12: \textit{Discourse and syntax.} New York etc.: Academic Press; 81-112.

@article{Givón1979,
	author={Givón, Talmy},
	year={1979}
	title={Language typology in Africa: a critical review},
	journal={Journal of African Languages and Linguistics},
	volume={1},
	number={},
	pages={199-224}
}

Givón, Talmy 1979, \textit{On understanding grammar.} New York etc.: Academic Press (Perspectives in Neurolinguistics and Psycholinguistics).

@article{Givón1980,
	author={Givón, Talmy},
	year={1980}
	title={The drift away from ergativity: Diachronic potentials in Sherpa},
	journal={Folia Linguistica Historica},
	volume={1},
	number={},
	pages={41-60}
}

@article{Givón1981,
	author={Givón, Talmy},
	year={1981}
	title={On the development of the numeral ‘one’ as an indefinite marker},
	journal={Folia Linguistica Historica},
	volume={2},
	number={},
	pages={35-54}
}

Greenberg, Joseph H. 1954, “A quantitative approach to the morphological typology of language.” Spencer, R.F. (ed.), \textit{Method and perspective in anthropology. Papers in honour of Wilson D. Wallis.} Minneapolis: University of Minnesota Press; 192-220.

Greenberg, Joseph H. 1975, “Dynamic aspects of word order in the numeral classifier.” Li (ed.) 1975:27-45.

Greenberg, Joseph H. 1978, “How does a language acquire gender markers?” Greenberg (ed.) 1978, 3:47-82.

Greenberg, Joseph H. 1980, “Circumfixes and typological change.” Traugott et al. (eds.) 1980:233-241.

Greenberg, Joseph H. (ed.) 1978, \textit{Universals of human language.} 4 vols. Stanford: Stanford University Press.

@article{Guiraud1966,
	author={Guiraud, Pierre},
	year={1966}
	title={Le système du relatif en français populaire},
	journal={Langages},
	volume={3},
	number={},
	pages={40-48}
}

Haas, Mary R. 1941, \textit{Tunica.} New York: J.J. Augustin (Extract from \textit{Handbook of American Indian Languages}, IV).

Haas, Mary R. 1977, “From auxiliary verb phrase to inflectional suffix.” Li (ed.) 1977:525-537.

Hagège, Claude 1975, \textit{Le problème linguistique des prépositions et la solution chinoise.} Paris: Société Linguistique de Paris (Collection Linguistique, 71).

@article{Hagège1978,
	author={Hagège, Claude},
	year={1978}
	title={Du thème au thème en passant par le sujet. Pour une théorie cyclique},
	journal={La linguistique},
	volume={14},
	number={2},
	pages={3-38}
}

Haiman, John 1980, \textit{Hua. A Papuan language of Eastern Highlands of New Guinea}. Amsterdam: J. Benjamins (SLCS, 5).

Hale, Kenneth L. 1976, “The adjoined relative clause in Australia.” Dixon, R.M.W. (ed.), \textit{Grammatical categories in Australian languages.} Canberra: Australian Institute of Aboriginal Studies; 78-105.

@article{Haudry1980,
	author={Haudry, Jean},
	year={1980}
	title={La ‘syntaxe des désinences’ en indo-européen},
	journal={Bulletin de la Société de Linguistique de Paris},
	volume={75},
	number={},
	pages={131-166}
}

@article{Heine1980,
	author={Heine, Bernd},
	year={1980}
	title={Language typology and linguistic reconstruction: The Niger-Congo case},
	journal={Journal of African Languages and Linguistics},
	volume={2},
	number={},
	pages={95-112}
}

Heine, Bernd \& Reh, Mechthild 1984, \textit{Grammaticalization and reanalysis in African languages.} Hamburg: H. Buske.

Heine, Bernd \& Schadeberg, Thilo C. \& Wolff, Ekkehard (eds.) 1981, \textit{Die Sprachen Afrikas.} Hamburg: H. Buske.

  Hewitt, B. George 1979, \textit{Abkhaz.} Amsterdam: North-Holland (LDS, 2).

Hjelmslev, Louis 1928, \textit{Principes de grammaire générale.} K$\varphi $benhavn: E. Munksgaard (Kommiss.) (Det Kongelige Danske Videnskabernes Selskab, Historisk-filosofiske Meddelelser 16, 1).

@article{Hodge1970,
	author={Hodge, Carleton T.},
	year={1970}
	title={The linguistic cycle},
	journal={Language Sciences},
	volume={13},
	number={},
	pages={1-7}
}

Horne Tooke, John 1786/1805, $\text{\textgreek{>'}}E\pi \varepsilon \alpha $ $\pi \tau \varepsilon \rho \text{\textgreek{'o}}\varepsilon \nu \tau \alpha $ or: The diversion of Purley. 2 vols. London.

@article{Huang1978,
	author={Huang, Shuan-fan},
	year={1978}
	title={Historical change of prepositions and emergence of SOV order},
	journal={Canadian Journal of Chinese Linguistics},
	volume={6},
	number={},
	pages={212-242}
}

Humboldt, Wilhelm von 1822, “Über das Entstehen der grammatischen Formen und ihren Einfluß auf die Ideenentwicklung.” \textit{Abhandlungen der Akademie der Wissenschaften zu Berlin}. Reprint: Humboldt 1972:31-63.

Humboldt, Wilhelm von 1836, \textit{Über die Verschiedenheit des menschlichen Sprachbaues und ihren Einfluß auf die geistige Entwicklung des Menschengeschlechtes.} Reprint: Humboldt 1972:368-756.

Humboldt, Wilhelm von 1972\textsuperscript{IV}, \textit{Schriften zur Sprachphilosophie.} [= \textit{Werke in fünf Bänden}, hrsg. v. A. Flitner und K. Giel, Bd.III]. Darmstadt: Wissenschaftliche Buchgesellschaft.

Hyman, Larry M. 1975, “On the change from SOV to SVO: evidence from Niger-Congo.” Li (ed.) 1975:113-147.

Hyman, Larry M. 1978, “Word demarcation.” Greenberg (ed.) 1978, 1:443-470.

Ineichen, Gustav 1980, “Zur Beurteilung der lateinischen \textit{habeo}{}-Periphrasen.” Brettschneider \& Lehmann (eds.) 1980:218-221.

Jakobson, Roman 1936, “Beitrag zur allgemeinen Kasuslehre. Gesamtbedeutungen der russischen Kasus”. Hamp, E., Householder, F.W. \& Austerlitz, R. (eds.) 1966, \textit{Readings in linguistics II.} Chicago \& London: University of Chicago Press; 51-89.

Jakobson, Roman 1956, “Two aspects of language and two types of aphasic disturbances.” Jakobson, R. \& Halle, M. 1956, \textit{Fundamentals of language.} 'S-Gravenhage: Mouton \& Co; 53-87.

Jakobson, Roman 1959, “Boas' view of grammatical meaning.” Jakobson, R. 1971, \textit{Word and language.} \textit{Selected writings}, vol. 2. The Hague \& Paris: Mouton; 489-496.

Jakobson, Roman \& Waugh, Linda R. 1979, \textit{The sound shape of language.} Brighton: Harvester Press.

Janda, Richard D. 1980, “On the decline of declensional systems: the overall loss of OE nominal case inflections and the ME reanalysis of \textit{{}-es} as \textit{his}.” Traugott et al. (eds.) 1980:243-252.

  Jeffers, Robert J. \& Zwicky, Arnold M. 1980, “The evolution of clitics.” Traugott et al. (eds.) 1980:221-231.

Jespersen, Otto 1922, \textit{Language. Its nature, development and origin.} London: G. Allen \& Unwin.

Jespersen, Otto 1909-1949, \textit{A Modern English grammar on historical principles.} 7 vols. Copenhagen: E. Munksgaard; London: G. Allen \& Unwin.

Jorden, Eleanor Harz 1962, \textit{Beginning Japanese.} New Haven \& London: Yale University Press.

@article{Kachru1980,
	author={Kachru, Yamuna},
	year={1980}
	title={Towards a typology of compound verbs in South Asian languages},
	journal={Studies in the Linguistic Sciences},
	volume={10},
	number={1},
	pages={113-124}
}

@article{Kahr1975,
	author={Kahr, Joan Casper},
	year={1975}
	title={Adpositions and locationals: typology and diachronic development},
	journal={Working Papers on Language Universals},
	volume={19},
	number={},
	pages={21-54}
}

@article{Kahr1976,
	author={Kahr, Joan Casper},
	year={1976}
	title={The renewal of case morphology: sources and constraints},
	journal={Working Papers on Language Universals},
	volume={20},
	number={},
	pages={107-151}
}

@article{Kiparsky1968,
	author={Kiparsky, Paul},
	year={1968}
	title={Tense and mood in Indo-European syntax},
	journal={Foundations of Language},
	volume={4},
	number={},
	pages={30-57}
}

Kölver, Ulrike 1982, “Interaktion von nominalen Kategorien am Beispiel der Entwicklung des modernen Bengali.” Seiler \& Lehmann (eds.) 1982:244-251.

Kölver, Ulrike 1982, “Klassifikatorkonstruktionen in Thai, Vietnamesisch und Chinesisch. Ein Beitrag zur Dimension der Apprehension.” Seiler \& Lehmann (eds.) 1982: 180-185.

  Kölver, Ulrike 1985, “Kasusrelationen im Birmanischen.” Plank, F. (ed.), \textit{Relational typology.} Berlin etc.: Mouton (Trends in Linguistics, 28); 195-212.

  Krahe, Hans 1967, \textit{Germanische Sprachwissenschaft.} Bd. II: \textit{Formenlehre}. Berlin: W. de Gruyter (Sammlung-Gröschen, 780). 6. ed.

Kuno, Susumu 1973, \textit{The structure of the Japanese language.} Cambridge, Mass.: MIT Press (Current Studies in Linguistics Series, 3).

@article{Kuryłowicz1948,
	author={Kuryłowicz, Jerzy},
	year={1948}
	title={Contributions à la théorie de la syllabe},
	journal={Bulletin de la Société Polonaise de Linguistique},
	volume={8},
	number={},
	pages={80-114}
}

@article{Kuryłowicz1965,
	author={Kuryłowicz, Jerzy},
	year={1965}
	title={The evolution of grammatical categories},
	journal={Diogenes},
	volume={51},
	number={},
	pages={55-71}
} Reprint: Kuryłowicz, J. 1975, \textit{Esquisses linguistiques II.} München: W. Fink (International Library of General Linguistics, 37); 38-54.

Labov, William 1971, “On the adequacy of natural languages: I. The development of tense.” First draft, Febr. 20, 1971. Univ. of Pennsylvania: Trier: LAUT, B23, 1977.

Langacker, Ronald W. 1977, “Syntactic reanalysis.” Li (ed.) 1977:57-139.

Lehmann, Christian 1974, “Isomorphismus im sprachlichen Zeichen.” Seiler, H. (ed.) 1974, \textit{Linguistic Workshop II. Arbeiten des Kölner Universalienprojekts 1973/74.} München: W. Fink; 98-123.

@article{Lehmann1978,
	author={Lehmann, Christian},
	year={1978}
	title={On measuring semantic complexity. A contribution to a rapprochement of semantics and statistical linguistics},
	journal={Georgetown University Papers on Languages and Linguistics},
	volume={14},
	number={},
	pages={83-120}
}

Lehmann, Christian 1982, “Nominalisierung — Typisierung von Propositionen.” Seiler \& Lehmann (eds.) 1982:64-82.

Lehmann, Christian 1982, “Universal and typological aspects of agreement.” Seiler, H. \& Stachowiak, F.J. (eds.), \textit{Apprehension.} Vol. II. Tübingen: G. Narr; 201-267.

@article{Lehmann1983,
	author={Lehmann, Christian},
	year={1983}
	title={Rektion und syntaktische Relationen},
	journal={Folia Linguistica},
	volume={17},
	number={},
	pages={339-378}
}

  Lehmann, Christian 1984, \textit{Der Relativsatz. Typologie seiner Strukturen — Theorie seiner Funktionen — Kompendium seiner Grammatik.} Tübingen: G. Narr (LUS, 3).

Li, Charles N. (ed.) 1975, \textit{Word order and word order change.} Austin \& London: University of Texas Press.

Li, Charles N. (ed.) 1977, \textit{Mechanisms of syntactic change.} Austin \& London: University of Texas Press.

Li, Charles N. \& Thompson, Sandra A. 1974, “Historical change of word-order: a case study in Chinese and its implications.” Anderson, J.M. \& Jones, Ch. (eds.), \textit{Historical Linguistics. Proceedings of the First International Conference on Historical Linguistics, Edinburgh 2nd-7th Sept. 1973.} Vol. I. Amsterdam \& Oxford: North-Holland, New York: American Elsevier; 199-217.

Li, Charles N. \& Thompson, Sandra A. 1976, “Subject and topic: a new typology of languages.” Li, Ch. (ed.), \textit{Subject and topic.} New York etc.: Academic Press; 457-489.

Li, Charles N. \& Thompson, Sandra A. 1977, “A mechanism for the development of copula morphemes.” Li (ed.) 1977:419-444.

Lightfoot, David W. 1979, \textit{Principles of diachronic syntax.} Cambridge: University Press (Cambridge Studies in Linguistics, 23).

Lord, Carol 1976, “Evidence for syntactic reanalysis: from verb to complementizer in Kwa.” Steever, S.B. \& Walker, C.A. \& Mufwene, S.S. (eds.), \textit{Papers from the parasession on diachronic syntax. April 22, 1976.} Chicago: CLS; 179-191.

Lyons, John 1968, \textit{Introduction to theoretical linguistics.} Cambridge: University Press.

Lyons, John 1977, \textit{Semantics.} 2 vols. Cambridge etc.: Cambridge University Press.

Malkiel, Yakov 1957f, “Diachronic hypercharacterization in Romance.” \textit{Archivum Linguisticum} 9:79-113; 10:1-36.

Mallinson, Graham \& Blake, Barry J. 1981, \textit{Language typology. Cross-linguistic studies in syntax.} Amsterdam etc.: North-Holland (North-Holland Linguistic Series, 46).

Martinet, André (ed.) 1968, \textit{Le langage.} Paris: Gallimard (Encyclopédie de la Pléiade, 25).

Matthews, Peter H. 1981, \textit{Syntax.} Cambridge etc.: Cambridge University Press (Cambridge Textbooks in Linguistics).

@article{Meillet1912,
	author={Meillet, Antoine},
	year={1912}
	title={L'évolution des formes grammaticales},
	journal={Scientia (Rivista di Scienza)},
	volume={12},
	number={26},
	pages={6}
} Reprint: Meillet 1921:130-148.

Meillet, Antoine 1915, “Le renouvellement des conjonctions.” \textit{Annuaire de l'École Pratique des Hautes Études}, section historique et philologique. Reprint: Meillet 1921:159-174.

Meillet, Antoine 1921/1936, \textit{Linguistique historique et linguistique générale.} 2 vols. Paris: Klincksieck.

Meillet, Antoine 1934, \textit{Introduction à l'étude des langues indo-européennes.} Paris: Hachette. 7. Aufl.; 1.:1903; 8. unveränd. Aufl.: 1937.

  Meinhof, Carl 1936, \textit{Die Entstehung flektierender Sprachen.} Berlin: D. Reimer.

@article{Mel'čuk1976,
	author={Mel'čuk, Igor A.},
	year={1976}
	title={On suppletion},
	journal={Linguistics},
	volume={170},
	number={},
	pages={45-90}
}

Merlan, Francesca 1982, \textit{Mangarayi.} Amsterdam: North Holland (LDS, 4).

Misteli, Franz 1893, \textit{Charakeristik der hauptsächlichsten Typen des Sprachbaues.} Neubearbeitung des Werkes von Prof. H. \citet{Steinthal1861}. Berlin: F. Dümmler.

  Moinfar, Moh. Djafar 1980, “Les classificateurs en persan.” Brettschneider \& Lehmann (eds.) 1980:317-320.

Moravcsik, Edith A. 1980, “Some crosslinguistic generalizations about motivated symbolism.” Brettschneider \& Lehmann (eds.) 1980:23-28.

  Mosel, Ulrike 1980, \textit{Tolai and Tok Pisin. The influence of the substratum on the development of New Guinea Pidgin.} Canberra: Australian National University (Pacific Linguistics, Series B, 73).

Paul, Hermann 1920, \textit{Prinzipien der Sprachgeschichte.} Tübingen: M. Niemeyer. 5. ed.

  Plank, Frans 1979, “Exklusivierung, Reflexivierung, Identifizierung, relationale Auszeichnung. Variationen zu einem semantisch-pragmatischen Thema.” Rosengren, I. (ed.), \textit{Sprache und Pragmatik. Lunder Symposium 1978.} Lund: CWK Gleerup; 330-354.

Plank, Frans 1979, “The functional basis of case systems and declension classes: from Latin to Old French.” \textit{Linguistics} n.s. 17:611-640.

Polomé, Edgar C. 1967, \textit{Swahili language handbook.} Washington: Center for Applied linguistics (Language Handbook Series).

Pulgram, Ernst 1978, \textit{Italic, Latin, Italian. 600 B.C. to A.D. 1260. Texts and commentaries.} Heidelberg: C. Winter (Indogermanische Bibliothek, 1. Reihe).

@article{Qvonje1979,
	author={Qvonje, J$\varphi $rn Ivar},
	year={1979}
	title={Die Grammatikalisierung der Präposition \textit{na} im Bulgarischen},
	journal={Folia Linguistica Historica},
	volume={1},
	number={},
	pages={317-351}
}

Ramat, Paolo 1980, \textit{Introduzione alla linguistica germanica.} Bologna: Pàtron (Linguistica Generale e Storica, 16).

@article{Ramat1983,
	author={Ramat, Paolo},
	year={1983}
	title={Ein Beispiel von ‘Reanalysis’, typologisch betrachtet},
	journal={Folia Linguistica},
	volume={16},
	number={},
	pages={365-383}
}

Reid, Aileen A. et al. 1968, \textit{Totonac: From clause to discourse.} Norman: SIL of the University of Oklahoma.

Rix, Helmut 1976, \textit{Historische Grammatik des Griechischen. Laut- und Formenlehre.} Darmstadt: Wissenschaftliche Buchgesellschaft.

Ronneberger-Sibold, Elke 1980, \textit{Sprachverwendung — Sprachsystem. Ökonomie und Wandel.} Tübingen: M. Niemeyer (Linguistische Arbeiten, 87).

Rosén, Haiim B. 1980, “Weiteres über die Entstehung der periphrastischen ‘Perfekt’formen im Lateinischen. Zum Begriff ‘Zustand des Akt(resultats)besitzes’.” Brettschneider \& Lehmann (eds.) 1980:311-316.

Ross, John R. 1973, “The penthouse principle and the order of constituents.” Corum et al. (eds.), \textit{You take the high node and I'll take the low node. Papers from the Comparative Syntax Festival.} Chicago: CLS; 397-422.

Sankoff, Gillian 1977, “Variability and explanation in language and culture: cliticization in New Guinea Tok Pisin.” Saville-Troike, M. (ed.), \textit{Linguistics and anthropology.} Washington: Georgetown University Press (GURTLL 1977); 59-73.

Sankoff, Gillian \& Laberge, Suzanne 1974, “On the acquisition of native speakers by a language.” DeCamp, D. \& Hancock, J.F. (eds.), \textit{Pidgins and creoles. Current trends and prospects.} Washington: Georgetown University Press; 73-84.

Sapir, Edward 1921, \textit{Language. An introduction to the study of speech.} New York: Harcourt, Brace \& World.

Sasse, Hans-Jürgen 1977, “Gedanken über Wortstellungsveränderung.” \textit{Papiere zur Linguistik} 13f:82-142.

@article{Sasse1977,
	author={Sasse, Hans-Jürgen},
	year={1977}
	title={A note on wh-movement},
	journal={Lingua},
	volume={41},
	number={},
	pages={343-354}
}

Saussure, Ferdinand de 1916, \textit{Cours de linguistique générale,} publié par Charles Bally ... Paris: Payot.

Schlegel, August Wilhelm von 1818, \textit{Observations sur la langue et la littérature provençales.} Paris: Librairie grecque-latine-allemande.

@article{Seebold1971,
	author={Seebold, Elmar},
	year={1971}
	title={Versuch über die Herkunft der indogermanischen Personalendungssysteme},
	journal={Zeitschrift für vergleichende Sprachforschung},
	volume={85},
	number={},
	pages={185-210}
}

Seiler, Hansjakob 1973, “On the semantosyntactic configuration ‘possessor of an act’.” Kachru, Braj B. et al. (eds.), \textit{Issues in linguistics. Papers in honor of Henry and Renée Kahane}. Urbana etc.: University of Illinois Press; 836-853.

Seiler, Hansjakob 1975, “Die Prinzipien der deskriptiven und der etikettierenden Benennung.” Seiler, H. (ed.), \textit{Linguistic workshop III. Arbeiten des Kölner Universalienprojekts 1974.} München: W. Fink; 2-57.

Seiler, Hansjakob 1978, “The Cologne project on language universals: Questions, objectives, and prospects.” Seiler (ed.) 1978:11-25.

Seiler, Hansjakob 1983, \textsc{Possession}\textit{ as an operational dimension of language.} Tübingen: G. Narr (LUS, 2).

Seiler, Hansjakob 1982, “Das sprachliche Erfassen von Gegenständen (Apprehension).” Seiler \& Lehmann (eds.) 1982:3-11.

Seiler, Hansjakob (ed.) 1978, \textit{Language universals. Papers from the Conference held at Gummersbach/Cologne, Germany, October 3-8, 1976.} Tübingen: G. Narr (TBL, 111).

Seiler, Hansjakob \& Lehmann, Christian (eds.) 1982, \textit{Apprehension. Das sprachliche Erfassen von Gegenständen.} Teil I: \textit{Bereich und Ordnung der Phänomene.} Tübingen: G. Narr (LUS, 1, I).

Serzisko, Fritz 1980, “Sprachen mit Zahlklassifikatoren: Analyse und Vergleich.” Köln: Institut für Sprachwissenschaft der Universität (\textit{akup}, 37).

Serzisko, Fritz 1981, “Gender, noun class and numeral classification: a scale of classificatory techniques.” Köln: Institut für Sprachwissenschaft der Universität (\textit{akup}, 40:93-126).

Serzisko, Fritz 1982, “Temporäre Klassifikation. Ihre Variationsbreite in Sprachen mit Zahlklassifikatoren.” Seiler \& Lehmann (eds.) 1982:147-159.

Stammerjohann, Harro (ed.) 1975, \textit{Handbuch der Linguistik. Allgemeine und angewandte Sprachwissenschaft.} Darmstadt: Wissenschaftliche Buchgesellschaft; München: Nymphenburg.

Starke, Frank 1977, \textit{Die Funktionen der dimensionalen Kasus und Adverbien im Althethitischen.} Wiesbaden: O. Harrassowitz (StBoT, 23).

Steele, Susan 1978, “Word order variation: a typological study.” Greenberg (ed.) 1978, 4:585-624.

Strunk, Klaus 1980, “Zum indogermanischen Medium und konkurrierenden Kategorien.” Brettschneider \& Lehmann (eds.) 1980:321-337.

Syromjatnikov, N.A. 1980, “Zakonomernosti razvitija ličnych mestoimenij v novojaponskom jazyke.” Vardul' (ed.) 1980:104-126.

Szemerényi, Oswald J.L. 1970, \textit{Einführung in die vergleichende Sprachwissenschaft.} Darmstadt: Wissenschaftliche Buchgesellschaft (Die Altertumswissenschaft).

Tauli, Valter 1966, \textit{Structural tendencies in Uralic languages.} The Hague etc.: Mouton (Indiana University Publications, Uralic and Altaic Series, 17).

@article{Traugott1980,
	author={Traugott, Elizabeth C.},
	year={1980}
	title={Meaning-change in the development of grammatical markers},
	journal={Language Sciences},
	volume={2},
	number={},
	pages={44-61}
}

Traugott, Elizabeth C. et al. (eds.) 1980, \textit{Papers from the 4th International Conference on Historical Linguistics.} Amsterdam: J. Benjamins (Current Issues in Linguistic Theory, 14).

@article{Troike1981,
	author={Troike, Rudolph C.},
	year={1981}
	title={Subject-object concord in Coahuilteco},
	journal={Language},
	volume={57},
	number={},
	pages={658-673}
}

Ultan, Russell 1978, “On the development of a definite article.” Seiler (ed.) 1978:249-266.

Ultan, Russell 1978, “The nature of future tenses.” Greenberg (ed.) 1978, 3:83-123.

Van Roey, Jacques 1974, \textit{A contrastive description of English and Dutch noun phrases.} Bruxelles: AIMAV; Paris: Didier.

Vardul', Igor F. (ed.) 1980, \textit{Teoria i tipologija mestoimenij.} Moskva: Nauka.

Vater, Heinz 1979, \textit{Determinantien.} Teil I: \textit{Abgrenzung, Syntax.} Trier: LAUT (KLAGE, 6).

@article{Vincent1980,
	author={Vincent, Nigel},
	year={1980}
	title={Some issues in the theory of word order},
	journal={York Papers in Linguistics},
	volume={8},
	number={},
	pages={167-179}
}

Vincent, Nigel 1980, “Iconic and symbolic aspects of syntax: Prospects for reconstruction.” Ramat, P. et al. (eds.), \textit{Linguistic reconstruction and Indo-European syntax. Proceedings of the Colloquium of the 'Indogermanische Gesellschaft', University of Pavia, 6-7 September 1979.} Amsterdam: J. Benjamins; 47-68.

Wackernagel, Jakob 1920/1924, \textit{Vorlesungen über Syntax, mit besonderer Berücksichtigung von Griechisch, Lateinisch und Deutsch.} 2 vols. Basel: Philologisches Seminar der Universität. In Kommission Birkhäuser \& Co.

Weinreich, Uriel 1963, “On the semantic structure of language.” Greenberg, J.H. (ed.), \textit{Universals of language. Report of a conference held at Dobbs Ferry, New York, April 13-15, 1961.} Cambridge, Mass.: MIT Press. 2. ed. 1966; 114-171.

Welmers, William E. 1973, \textit{African language structures.} Berkeley etc.: University of California Press.

Wendt, Heinz F. 1972, \textit{Langenscheidts Praktisches Lehrbuch Türkisch.} Berlin etc.: Langenscheidt.

Werner, Otmar 1979, “Kongruenz wird zu Diskontinuität im Deutschen.” Brogyanyi, B. (ed.), \textit{Festschrift for Oswald Szemerényi on the occasion of his 65th birthday}. Amsterdam: J. Benjamins; 959-988.

Wiesemann, Ursula 1980, “Events and non-events in Kaingáng discourse.” Brettschneider \& Lehmann (eds.) 1980:419-433.

Woodbury, Anthony C. 1977, “Greenlandic Eskimo, ergativity, and relational grammar.” Cole, P. \& Sadock, J.M. (eds.), \textit{Syntax and semantics.} Vol. 8: \textit{Grammatical relations.} New York etc.: Academic Press; 307-336.

@article{Žirmunskij1966,
	author={Žirmunskij, V. M.},
	year={1966}
	title={The word and its boundaries.},
	volume={27},
	number={},
	pages={65-91}
}.

Zwicky, Arnold M. 1978, “Arguing for constituency.” \textit{Papers from the Regional Meeting of the Chicago Linguistic Society}  